<collection xmlns="http://www.loc.gov/MARC21/slim">
<record>
  <leader>01529    a2200217   4500</leader>
  <datafield tag="020" ind1=" " ind2=" ">
    <subfield code="a">0-19-877306-4</subfield>
  </datafield>
  <datafield tag="041" ind1=" " ind2=" ">
    <subfield code="a">eng</subfield>
  </datafield>
  <datafield tag="100" ind1=" " ind2=" ">
    <subfield code="a">Burda, Michael C.</subfield>
    <subfield code="u">Economics and Political Science</subfield>
  </datafield>
  <datafield tag="245" ind1=" " ind2=" ">
    <subfield code="a">Macroeconomics:</subfield>
    <subfield code="b">a European text</subfield>
  </datafield>
  <datafield tag="260" ind1=" " ind2=" ">
    <subfield code="b">Oxford University Press,</subfield>
    <subfield code="c">1993.</subfield>
  </datafield>
  <datafield tag="300" ind1=" " ind2=" ">
    <subfield code="a">486 p. :</subfield>
    <subfield code="b">Graphs ;</subfield>
    <subfield code="c">25 cm.</subfield>
  </datafield>
  <datafield tag="504" ind1=" " ind2=" ">
    <subfield code="a">Includes bibliographical references and index and glossary</subfield>
  </datafield>
  <datafield tag="520" ind1=" " ind2=" ">
    <subfield code="a">The book covers two courses. The first part (chapters 1-12) corresponds to the macro course. It starts with an open economy from the very beginning, presents the building blocks of the economic model, explores the controversies and concludes on the eclectic view. Thus the view is taken that macroeconomists are actually in agreement over a large range of issues and that the points of disagreement need not be over-emphasized for the general public. At the same time differing views are presented, mostly emphasizing the assumptions on one hand, and the policy implication on the other. It illustrates each concept and result with examples drawn from the real world. Considerable effort is expended in analysing the supply-side in Europe, which is wholly neglected in US textbooks</subfield>
  </datafield>
  <datafield tag="690" ind1=" " ind2=" ">
    <subfield code="a">Economics</subfield>
  </datafield>
  <datafield tag="700" ind1=" " ind2=" ">
    <subfield code="a">Wyplosz, Charles</subfield>
  </datafield>
  <datafield tag="942" ind1=" " ind2=" ">
    <subfield code="c">IBK</subfield>
  </datafield>
  <datafield tag="952" ind1=" " ind2=" ">
    <subfield code="1">0</subfield>
    <subfield code="7">0</subfield>
    <subfield code="a">DO</subfield>
    <subfield code="b">DO</subfield>
    <subfield code="c">MC</subfield>
    <subfield code="o">HB172.5 .B87 1993</subfield>
    <subfield code="p">000426795</subfield>
    <subfield code="y">IBK</subfield>
  </datafield>
  <datafield tag="952" ind1=" " ind2=" ">
    <subfield code="1">0</subfield>
    <subfield code="7">0</subfield>
    <subfield code="a">DO</subfield>
    <subfield code="b">DO</subfield>
    <subfield code="c">MC</subfield>
    <subfield code="o">HB172.5 .B87 1993</subfield>
    <subfield code="p">000426811</subfield>
    <subfield code="y">IBK</subfield>
  </datafield>
  <datafield tag="952" ind1=" " ind2=" ">
    <subfield code="1">0</subfield>
    <subfield code="7">0</subfield>
    <subfield code="a">DO</subfield>
    <subfield code="b">DO</subfield>
    <subfield code="c">MC</subfield>
    <subfield code="o">HB172.5 .B87 1993</subfield>
    <subfield code="p">000466130</subfield>
    <subfield code="y">IBK</subfield>
  </datafield>
  <datafield tag="952" ind1=" " ind2=" ">
    <subfield code="1">0</subfield>
    <subfield code="7">0</subfield>
    <subfield code="a">TA</subfield>
    <subfield code="b">TA</subfield>
    <subfield code="c">MC</subfield>
    <subfield code="o">HB172.5 .B87 1993</subfield>
    <subfield code="p">900099163</subfield>
    <subfield code="y">IBK</subfield>
  </datafield>
  <datafield tag="998" ind1=" " ind2=" ">
    <subfield code="b">76</subfield>
    <subfield code="e">8</subfield>
  </datafield>
</record>