
<record>
  <leader>02703    a2200229   4500</leader>
  <datafield tag="020" ind1=" " ind2=" ">
    <subfield code="a">0-7484-0456-2</subfield>
  </datafield>
  <datafield tag="041" ind1=" " ind2=" ">
    <subfield code="a">eng</subfield>
  </datafield>
  <datafield tag="100" ind1=" " ind2=" ">
    <subfield code="a">Van Wassenhove, Luk N.</subfield>
    <subfield code="u">Technology and Operations Management</subfield>
  </datafield>
  <datafield tag="245" ind1=" " ind2=" ">
    <subfield code="a">OR at work:</subfield>
    <subfield code="b">practical experiences of operational research</subfield>
  </datafield>
  <datafield tag="260" ind1=" " ind2=" ">
    <subfield code="b">Taylor &amp; Francis,</subfield>
    <subfield code="c">1996.</subfield>
  </datafield>
  <datafield tag="300" ind1=" " ind2=" ">
    <subfield code="a">359 p. ;</subfield>
    <subfield code="c">24 cm.</subfield>
  </datafield>
  <datafield tag="504" ind1=" " ind2=" ">
    <subfield code="a">Includes bibliographical references and index</subfield>
  </datafield>
  <datafield tag="505" ind1=" " ind2=" ">
    <subfield code="a">Includes Chapter by Van Wassenhove, Luk; Fortuin, Leonard; Van Beek, Paul Hordijk, Leen &quot;OR and the environment. A fruitful combination&quot; p.269-286                                                                                                       Van Wassenhove, Luk; Fortuin, Leonard; Van Beek, Paul &quot;OR epilogue&quot; p.337-342                                              Van Wassenhove, Luk; Fortuin, Leonard; Van Beek, Paul &quot;OR introduction&quot; p.1-19                                                Van Wassenhove, Luk; Kroon, L.G; Dijkstra M.C &quot;Planning the size and organization of KLM&apos;s aircraft maintenance personnel&quot; p.163-177                                                                                                                                    Van Wassenhove, Luk; Corbett, C.J; Overmeer, W.J.A.M &quot;What the cases don&apos;t tell us&quot; p.305-335                                 Van Wassenhove, Luk; Corbett, C.J. &quot;Crisis? What crisis?. Four decades of debate on operational research&quot; p.289-304</subfield>
  </datafield>
  <datafield tag="520" ind1=" " ind2=" ">
    <subfield code="a">Operational research is a discipline concerned with real life problems and with people dealing with these problems and it is characterised by an analytical way of looking at things. This can create problems as too much amphasis on mathematical techniques may hamper the effectiveness of OR to human decision makers working in real organisations. Good practice means appropriate analytical skills as well as the employment of skills of teamwork and facilitation. OR at Work contains 5 cases where decision makers face difficult problems in complex situations. Descriptions of successful practice give students as well as potential users a clear picture of what OR is about and how OR projects are conducted. Interviews with successful OR practitioners and their clients are included, complementing the case descriptions. Application areas studied include transport and logistics, product and process design, maintenance and financial services, as well as healthcare and environmental decision making</subfield>
  </datafield>
  <datafield tag="583" ind1=" " ind2=" ">
    <subfield code="a">Digitized</subfield>
  </datafield>
  <datafield tag="690" ind1=" " ind2=" ">
    <subfield code="a">Technology management</subfield>
  </datafield>
  <datafield tag="700" ind1=" " ind2=" ">
    <subfield code="a">Fortuin, Léonard</subfield>
  </datafield>
  <datafield tag="700" ind1=" " ind2=" ">
    <subfield code="a">Van Beek, Paul</subfield>
  </datafield>
  <datafield tag="942" ind1=" " ind2=" ">
    <subfield code="c">IBK</subfield>
  </datafield>
  <datafield tag="952" ind1=" " ind2=" ">
    <subfield code="1">0</subfield>
    <subfield code="7">0</subfield>
    <subfield code="a">DO</subfield>
    <subfield code="b">DO</subfield>
    <subfield code="c">MC</subfield>
    <subfield code="o">T57.6 .O67 1996</subfield>
    <subfield code="p">000366405</subfield>
    <subfield code="y">IBK</subfield>
  </datafield>
  <datafield tag="952" ind1=" " ind2=" ">
    <subfield code="1">0</subfield>
    <subfield code="7">0</subfield>
    <subfield code="a">TA</subfield>
    <subfield code="b">TA</subfield>
    <subfield code="c">MC</subfield>
    <subfield code="o">T57.6 .O67 1996</subfield>
    <subfield code="p">900163361</subfield>
    <subfield code="y">IBK</subfield>
  </datafield>
  <datafield tag="998" ind1=" " ind2=" ">
    <subfield code="b">113</subfield>
    <subfield code="e">8</subfield>
  </datafield>
</record>