
<record>
  <leader>01666    a2200205   4500</leader>
  <datafield tag="041" ind1=" " ind2=" ">
    <subfield code="a">eng</subfield>
  </datafield>
  <datafield tag="100" ind1=" " ind2=" ">
    <subfield code="a">Weiss, Lawrence A.</subfield>
    <subfield code="u">Accounting and Control</subfield>
  </datafield>
  <datafield tag="245" ind1=" " ind2=" ">
    <subfield code="a">An Analysis of state-wide variation in bankruptcy rates in the United States (RV of 96/43/AC)</subfield>
  </datafield>
  <datafield tag="260" ind1=" " ind2=" ">
    <subfield code="a">Fontainebleau :</subfield>
    <subfield code="b">INSEAD,</subfield>
    <subfield code="c">1996.</subfield>
  </datafield>
  <datafield tag="300" ind1=" " ind2=" ">
    <subfield code="a">18 p.</subfield>
  </datafield>
  <datafield tag="440" ind1=" " ind2=" ">
    <subfield code="a">Working Paper ;</subfield>
    <subfield code="n">96/56/AC (revised version of 96/43/AC)</subfield>
  </datafield>
  <datafield tag="520" ind1=" " ind2=" ">
    <subfield code="a">While not discounting non-quantifiable legal cultural variables, the present study is an advance over previous empirical work dealing with statewide variations in bankruptcy filing rates in at least three ways. First, we include a larger menu of both legal and economic explanatory variables than in pevious studies. Second, we employ a larger and more recent data set. Third, both chapter 7 and chaprter 13 filings are studied and, unlike previous work, the explanatory power of our model is comparatively high. We begin by briefly reviewing the related literature in section II. Section III describes the data utilized in this study, and the construction of econometric variables. This is followed in section IV by a discussion of the methodology employed. Our results are discussed in section V. The concluding section suggests avenues fo future research in this area.</subfield>
  </datafield>
  <datafield tag="583" ind1=" " ind2=" ">
    <subfield code="a">Digitized</subfield>
  </datafield>
  <datafield tag="700" ind1=" " ind2=" ">
    <subfield code="a">Bhandari, J. S.</subfield>
  </datafield>
  <datafield tag="700" ind1=" " ind2=" ">
    <subfield code="a">Robins, R.</subfield>
  </datafield>
  <datafield tag="780" ind1=" " ind2=" ">
    <subfield code="9">223259</subfield>
    <subfield code="t">Analysis of state-wide variation in bankruptcy rates in the United States - Bhandari, J. S.;Weiss, Lawrence A.;Robin - 1996 - INSEAD Working Paper</subfield>
  </datafield>
  <datafield tag="856" ind1=" " ind2=" ">
    <subfield code="u">http://flora.insead.edu/fichiersti_wp/inseadwp1996/96-56.pdf</subfield>
  </datafield>
  <datafield tag="942" ind1=" " ind2=" ">
    <subfield code="c">IWP</subfield>
  </datafield>
  <datafield tag="952" ind1=" " ind2=" ">
    <subfield code="1">0</subfield>
    <subfield code="7">0</subfield>
    <subfield code="a">VL</subfield>
    <subfield code="b">VL</subfield>
    <subfield code="p">BC000001</subfield>
    <subfield code="y">IWP</subfield>
  </datafield>
  <datafield tag="998" ind1=" " ind2=" ">
    <subfield code="b">123</subfield>
    <subfield code="e">13</subfield>
  </datafield>
</record>