
<record>
  <leader>00768    a2200181   4500</leader>
  <datafield tag="041" ind1=" " ind2=" ">
    <subfield code="a">eng</subfield>
  </datafield>
  <datafield tag="100" ind1=" " ind2=" ">
    <subfield code="a">Kets de Vries, Manfred F. R.</subfield>
    <subfield code="u">Entrepreneurship and Family Enterprise</subfield>
  </datafield>
  <datafield tag="245" ind1=" " ind2=" ">
    <subfield code="a">Transforming the mind-set of the organization:</subfield>
    <subfield code="b">an owner&apos;s manual</subfield>
  </datafield>
  <datafield tag="260" ind1=" " ind2=" ">
    <subfield code="a">Fontainebleau :</subfield>
    <subfield code="b">INSEAD,</subfield>
    <subfield code="c">1996.</subfield>
  </datafield>
  <datafield tag="440" ind1=" " ind2=" ">
    <subfield code="a">Working Paper ;</subfield>
    <subfield code="n">96/81/ENT</subfield>
  </datafield>
  <datafield tag="520" ind1=" " ind2=" ">
    <subfield code="a">Abstract not available</subfield>
  </datafield>
  <datafield tag="583" ind1=" " ind2=" ">
    <subfield code="a">Digitized</subfield>
  </datafield>
  <datafield tag="700" ind1=" " ind2=" ">
    <subfield code="a">Balazs, Katharina</subfield>
  </datafield>
  <datafield tag="785" ind1=" " ind2=" ">
    <subfield code="9">223326</subfield>
    <subfield code="t">Beyond the quick fix: the psychodynamics of organizational transformation and change (RV of 96/81/ENT) - Kets de Vries, Manfred F. R.;Balazs, Kat - 1997 - INSEAD Working Paper</subfield>
  </datafield>
  <datafield tag="856" ind1=" " ind2=" ">
    <subfield code="u">http://flora.insead.edu/fichiersti_wp/inseadwp1996/96-81.pdf</subfield>
  </datafield>
  <datafield tag="942" ind1=" " ind2=" ">
    <subfield code="c">IWP</subfield>
  </datafield>
  <datafield tag="952" ind1=" " ind2=" ">
    <subfield code="1">0</subfield>
    <subfield code="7">0</subfield>
    <subfield code="a">VL</subfield>
    <subfield code="b">VL</subfield>
    <subfield code="p">BC000002</subfield>
    <subfield code="y">IWP</subfield>
  </datafield>
  <datafield tag="998" ind1=" " ind2=" ">
    <subfield code="b">125</subfield>
    <subfield code="e">13</subfield>
  </datafield>
</record>
</collection>
